<?xml version="1.0" encoding="UTF-8"?>
<record xmlns="http://www.loc.gov/MARC21/slim" xmlns:xsi="http://www.w3.org/2001/XMLSchema-instance" xsi:schemaLocation="http://www.loc.gov/MARC21/slim http://www.loc.gov/standards/marcxml/schema/MARC21slim.xsd">
<leader>00000cam a22      i 4500</leader>
<controlfield tag="001">001678776</controlfield>
<controlfield tag="003">NNU</controlfield>
<controlfield tag="005">20160106154152.0</controlfield>
<controlfield tag="008">820624s1924    ua h     b    000 0 ara</controlfield>
<datafield tag="010" ind1=" " ind2=" ">
<subfield code="a">ne 68000195</subfield>
</datafield>
<datafield tag="025" ind1=" " ind2=" ">
<subfield code="a">PL480:UAR-8752</subfield>
</datafield>
<datafield tag="035" ind1=" " ind2=" ">
<subfield code="a">(OCoLC)8545931</subfield>
<subfield code="z">(OCoLC)29296490</subfield>
</datafield>
<datafield tag="040" ind1=" " ind2=" ">
<subfield code="a">DLC</subfield>
<subfield code="b">eng</subfield>
<subfield code="c">TKN</subfield>
<subfield code="d">TKN</subfield>
<subfield code="d">OCLCG</subfield>
<subfield code="d">CUY</subfield>
<subfield code="d">IUL</subfield>
<subfield code="d">ORZ</subfield>
<subfield code="d">OCLCF</subfield>
<subfield code="d">OCLCQ</subfield>
<subfield code="d">NNU</subfield>
</datafield>
<datafield tag="050" ind1=" " ind2="4">
<subfield code="a">DT95.5</subfield>
<subfield code="b">.I1717 1924</subfield>
</datafield>
<datafield tag="100" ind1="1" ind2=" ">
<subfield code="6">880-01</subfield>
<subfield code="a">Ibn al-Ṣayrafī, ʻAlī ibn Munjib,</subfield>
<subfield code="d">1071-1147.</subfield>
</datafield>
<datafield tag="240" ind1="1" ind2="0">
<subfield code="6">880-02</subfield>
<subfield code="a">Ishārah ilā man nāla al-wizārah</subfield>
</datafield>
<datafield tag="245" ind1="1" ind2="3">
<subfield code="6">880-03</subfield>
<subfield code="a">al-Ishārah ilā man nāla al-wizārah /</subfield>
<subfield code="c">taʼlīf Amīn al-Dīn Tāj al-Riyāsah Abī al-Qāsim ʻAlī ibn Munjib ibn Sulaymān al-shahīr bi-Ibn akl-Ṣayrafī al-Miṣrī ; ʻuniya bi-taḥqīqih wa-al-taʻlīq ʻalayh ʻAbd Allāh Mukhliṣ ʻan al-naskhah al-waḥīdah al-maḥfūẓah fī khazānat al-Kutub al-Khālidīyah bi-Bayt al-Maqdis.</subfield>
</datafield>
<datafield tag="260" ind1=" " ind2=" ">
<subfield code="6">880-04</subfield>
<subfield code="a">al-Qāhirah :</subfield>
<subfield code="b">Maṭbaʻat al-Maʻhad al-ʻIlmī al-Firansī,</subfield>
<subfield code="c">1924</subfield>
<subfield code="a">[Baghdād] :</subfield>
<subfield code="b">[Maktabat al-Muthanná],</subfield>
<subfield code="c">[1964?]</subfield>
</datafield>
<datafield tag="300" ind1=" " ind2=" ">
<subfield code="a">86 pages :</subfield>
<subfield code="b">facsimiles ;</subfield>
<subfield code="c">28 cm</subfield>
</datafield>
<datafield tag="336" ind1=" " ind2=" ">
<subfield code="a">text</subfield>
<subfield code="b">txt</subfield>
<subfield code="2">rdacontent</subfield>
</datafield>
<datafield tag="337" ind1=" " ind2=" ">
<subfield code="a">unmediated</subfield>
<subfield code="b">n</subfield>
<subfield code="2">rdamedia</subfield>
</datafield>
<datafield tag="338" ind1=" " ind2=" ">
<subfield code="a">volume</subfield>
<subfield code="b">nc</subfield>
<subfield code="2">rdacarrier</subfield>
</datafield>
<datafield tag="500" ind1=" " ind2=" ">
<subfield code="a">Pages numbered also in reverse sequence, 49-111.</subfield>
</datafield>
<datafield tag="504" ind1=" " ind2=" ">
<subfield code="a">Includes bibliographical references (pages 70-74).</subfield>
</datafield>
<datafield tag="530" ind1=" " ind2=" ">
<subfield code="a">Also issued online.</subfield>
</datafield>
<datafield tag="650" ind1=" " ind2="0">
<subfield code="a">Fatimites.</subfield>
</datafield>
<datafield tag="650" ind1=" " ind2="7">
<subfield code="a">Fatimites.</subfield>
<subfield code="2">fast</subfield>
<subfield code="0">(OCoLC)fst00921954</subfield>
</datafield>
<datafield tag="700" ind1="1" ind2=" ">
<subfield code="6">880-05</subfield>
<subfield code="a">Mukhliṣ, ʻAbd Allāh,</subfield>
<subfield code="d">1878-1947.</subfield>
</datafield>
<datafield tag="776" ind1="0" ind2="8">
<subfield code="i">Online version:</subfield>
<subfield code="a">Ibn al-Ṣayrafī, ʻAlī ibn Munjib, 1071-1147.</subfield>
<subfield code="t">Ishārah ilā man nāla al-wizārah.</subfield>
<subfield code="d">al-Qāhirah : Maṭbaʻat al-Maʻhad al-ʻIlmī al-Firansī, 1924 [Baghdād : Maktabat al-Muthanná, 1964?]</subfield>
<subfield code="w">(OCoLC)603928557</subfield>
</datafield>
<datafield tag="880" ind1="1" ind2=" ">
<subfield code="6">100-01/</subfield>
<subfield code="a">ابن الصيرفي، علي بن منجب،</subfield>
<subfield code="d">1071-1147.</subfield>
</datafield>
<datafield tag="880" ind1="1" ind2="0">
<subfield code="6">240-02/</subfield>
<subfield code="a">إشارة إلى من نال الوزارة</subfield>
</datafield>
<datafield tag="880" ind1="1" ind2="2">
<subfield code="6">245-03/</subfield>
<subfield code="a">الإشارة إلى من نال الوزارة /</subfield>
<subfield code="c">تأليف أمين الدين تاج الرياسة أبي القاسم علي بن منجب بن سليمان الشهير بابن الصيرفي المصري ؛ عني بتحقيقه والتعليق عليه عبد الله مخلص عن النسخة الوحيدة المحفوظة في خزانة الكتب الخالدية ببيت المقدس.</subfield>
</datafield>
<datafield tag="880" ind1=" " ind2=" ">
<subfield code="6">260-04/</subfield>
<subfield code="a">القاهرة :</subfield>
<subfield code="b">مطبعة المعهد العلمي الفرنسي،</subfield>
<subfield code="c">1924</subfield>
<subfield code="a">[بغداد] :</subfield>
<subfield code="b">[مكتبة المثنى]،</subfield>
<subfield code="c">[1964؟]</subfield>
</datafield>
<datafield tag="880" ind1="1" ind2=" ">
<subfield code="6">700-05/</subfield>
<subfield code="a">مخلص، عبد الله،</subfield>
<subfield code="d">1878-1947.</subfield>
</datafield>
<datafield tag="OWN" ind1=" " ind2=" ">
<subfield code="a">GENERAL</subfield>
</datafield>
<datafield tag="AVA" ind1=" " ind2=" ">
<subfield code="a">NYU50</subfield>
<subfield code="b">BOBST</subfield>
<subfield code="c">Main Collection</subfield>
<subfield code="d">DT95.5 .I1717</subfield>
<subfield code="e">unavailable</subfield>
<subfield code="t">Unavailable</subfield>
<subfield code="f">1</subfield>
<subfield code="g">1</subfield>
<subfield code="h">N</subfield>
<subfield code="i">0</subfield>
<subfield code="j">MAIN</subfield>
<subfield code="k">0</subfield>
</datafield>
</record>
